@inproceedings{AbuShumays1996,
address = {No. Falmouth, MA},
author = {Abu-Shumays, I. K. and Yehnert, C. E.},
booktitle = {Proc. Topl. Mtg. Radiation Protection and Shielding},
publisher = {American Nuclear Society},
title = {{Comparison of Hybrid Methods for Global Variance Reduction in Shielding Calculations}},
year = {1996}
}
@article{Ahrens2014,
author = {Ahrens, Cory D.},
journal = {Computational Physics},
keywords = {Radiation transport, discrete ordinates, Lagrange interpolation, reproducing kernel, sphere},
number = {},
pages = {},
title = {{Lagrange Discrete Ordinates: a new angular discretization for the three dimensional linear Boltzmann equation}},
volume = {Accepted},
year = {2014}
}
@techreport{Alcouffe2009,
address = {Los Alamos, NM},
author = {Alcouffe, R. E. and Baker, R. S. and Dahl, J. A. and Turner, S. A. and Ward, R. C.},
booktitle = {LA-UR-08-07258},
institution = {Los Alamos National Laboratory},
number = {LA-UR-08-07258},
title = {{PARTISN: A Time-Dependent, Parallel Neutral Particle Transport Code System}},
year = {2009}
}
%author = {Van Riper, Kenneth A. and Urbatsch, Todd J. and Patrick, Soran D. and Parsons, Kent and Morel, Jim E. and McKinney, Gregg W. and Lee, Stephen R. and Crotzer, Laura A. and Alcouffe, Raymond and Brinkley, Forest W. and Booth, Thomas E. and Anderson, Jacob},
% 14.	K. V. Riper, T. Urbatsch, P. D. Soran, D. Parsons, J. Morel, G. McKinney, S. Lee, L. Crotzer, F. Brinkley, T. Booth, J. Anderson, and R. Alcoffe, “AVATAR-Automatic Variance Reduction in Monte Carlo Calculations,” In Proceedings of the Joint International Conference on Mathematical Methods and Supercomputing for Nuclear Applications, Vol. 1. American Nuclear Society (1997).
@techreport{AVATAR1997,
address = {Los Alamos, NM},
author = {Van Riper, Kenneth A. and et al.},
booktitle = {LA-UR-97-0919},
institution = {Los Alamos National Laboratory},
number = {LA-UR-03-1987},
title = {{AVATAR--Automatic Variance Reduction in Monte Carlo Calcualtions}},
year = {2008}
}
@book{Bondarenko1964,
address = {New York, NY},
author = {Bondarenko, I. I.},
publisher = {Consultants Bureau Enterprises, Inc.},
title = {{Group Constants for Nuclear Reactor Calculations}},
year = {1964}
}
@article{Cooper2001,
author = {Cooper, M. A. and Larsen, E. W.},
journal = {Nuclear Science and Engineering},
keywords = {Automated Weight Windows for Global Monte Carlo Particle Transport Calculationst},
number = {1},
pages = {1--13},
title = {{Fast Iterative Methods for Discrete-Ordinates Particle Transport Calculations}},
volume = {137},
year = {2001}
}
@article{Evans2010,
author = {Evans, T. M. and Stafford, A. S. and Slaybaugh, R. N. and Clarno, K. T.},
journal = {Nuclear Technology},
number = {2},
pages = {171--200},
title = {{Denovo: A New Three-Dimensional Parallel Discrete Ordinates Code in SCALE}},
volume = {171},
year = {2010}
}
@techreport{MacFarlane1992,
address = {Los Alamos, NM},
author = {MacFarlane, R. E.},
booktitle = {LA--12312-MS},
institution = {Los Alamos National Laboratory},
number = {LA--12312-MS},
title = {{TRANSX 2: A Code for Interfacing MATXS Cross-Section Libraries to Nuclear Transport Codes}},
year = {1992}
}
@techreport{MCNP2008,
address = {Los Alamos, NM},
author = {X-5 Monte Carlo Team},
booktitle = {LA-UR-03-1987},
institution = {Los Alamos National Laboratory},
number = {LA-UR-03-1987},
title = {{MCNP -- A General Monte Carlo N-Particle Transport code, Version 5, Volume 1: Overview and Theory}},
year = {2008}
}
@techreport{NJOY,
address = {Los Alamos, NM},
author = {},
booktitle = {},
institution = {Los Alamos National Laboratory},
number = {RSICC Code Package PSR-480},
title = {{NJOY99.0: Code System for Producing Pointwise and Multigroup Neutron and Photon Cross Sections from ENDF/B Data}},
year = {2000}
}
@inproceedings{Peplow2012,
address = {San Diego, CA},
author = {Peplow, D. E.},
booktitle = {Transactions of the American Nuclear Society},
publisher = {American Nuclear Society},
pages = {512-515},
title = {Comparison of Hybrid Methods for Global Variance Reduction in Shielding Calculations},
volume = {107},
year = {2012}
}	
@techreport{Peplow2012a,
address = {Oak Ridge, TN},
author = {Peplow, D. E. and Mosher, S. W. and Evans, T. M.},
booktitle = {},
institution = {Oak Ridge National Laboratory},
number = {ORNL/TM-2012/7},
title = {{Consistent Adjoint Driven Importance Sampling Using Space, Energy and Angle}},
year = {2012}
}
@techreport{SCALE,
address = {Oak Ridge, TN},
author = {},
booktitle = {SCALE: A Comprehensive Modeling and Simulation Suite for Nuclear Safety Analysis and Design},
institution = {Radiation Safety Information Computational Center at Oak Ridge National Laboratory},
number = {ORNL/TM-2005/39},
title = {{Version 6.1, Section S6}},
year = {2011}
}
@inproceedings{Slaybaugh2013,
address = {Atlanta, GA},
author = {Slaybaugh, R. N. and Wilson, S. C.},
booktitle = {Transactions of the American Nuclear Society},
publisher = {American Nuclear Society},
pages = {441--444},
title = {{Deterministic Parameter Study for Fixed-Source Calculations Using FW-CADIS}},
volume = {108},
year = {2013}
}	
@techreport{Slaybaugh2014,
address = {Berkeley, CA},
author = {Slaybaugh, R. N. and Evans, T. M. and Mosher, S. W. and Peplow, D. E.},
booktitle = {},
institution = {University of California, Berkeley},
number = {Application for Funding Opportunity \#DE-FOA-0000998, U.S.\ Department of Energy Technical Work Scope Identifier No. FC-3},
title = {{Improved Hybrid Modeling of Used Fuel Storage Facilities}},
year = {2014}
}
@inproceedings{Somasundaram2013,
address = {Sun Valleym ID},
author = {Somasundaram, Elanchezhian and Palmer, Todd S.},
booktitle = {Math.\ \& Comp.\ 2013 Topical Meeting},
publisher = {American Nuclear Society},
title = {{Implementation of Hybrid Variance Reduction Methods in a Multi Group Monte Carlo Code for Deep Shielding Problems}},
year = {2013}
}
@inproceedings{Sutton2007,
address = {Monterey, CA},
author = {Sutton, T. M. and et al.}, 
booktitle = {Proc. Joint Int. Topical Meeting on Mathematics \& Computation and Supercomputing in Nuclear Applications},
title = {{The MC21 Monte Carlo Transport Code}},
year = {2007}
}
% author = {Sweezy, J. and Brown, F. and Booth, T. and Chiaramonte, J. and Preeg, B.},
@article{Sweezy2005,
author = {Sweezy, J. and et al.},
journal = {Radiation Protection Dosimetry},
number = {1-4},
pages = {508--512},
title = {{Automated Variance Reduction for MCNP Using Deterministic Methods}},
volume = {116},
year = {2005}
}
@article{Turner1997a,
author = {Turner, S. A. and Larsen, E. W.},
journal = {Nuclear Science and Engineering},
number = {1},
pages = {22--35},
title = {{Automatic Variance Reduction for Three-Dimensional Monte Carlo Simulations by the Local Importance Function Transform--I: Analysis}},
volume = {127},
year = {1997}
}
@article{Turner1997b,
author = {Turner, S. A. and Larsen, E. W.},
journal = {Nuclear Science and Engineering},
number = {1},
pages = {36--53},
title = {{Automatic Variance Reduction for Three-Dimensional Monte Carlo Simulations by the Local Importance Function Transform--II: Numerical Results}},
volume = {127},
year = {1997}
}
@inproceedings{Wagner2007,
address = {Washington, DC},
author = {Wagner, John C. and Blakeman, Edward D. and Peplow, Douglas E.},
booktitle = {Transactions of the American Nuclear Society},
publisher = {American Nuclear Society},
pages = {630--633},
title = {{Forward-Weighted CADIS Method for Global Variance Reduction}},
volume = {97},
year = {2007}
}	
@article{Williams2011,
author = {Williams, Mark L.},
journal = {Nuclear Technology},
pages = {149--168},
title = {{Resonance Self-Shielding Methodologies in SCALE 6}},
volume = {174},
year = {2011}
}
@article{Wilson2014,
author = {Wilson, S. C. and Slaybaugh, R. N.},
journal = {Nuclear Science and Engineering},
number = {},
pages = {},
title = {{Improved Monte Carlo Variance Reduction for Space and Energy Self-Shielding}},
volume = {Accepted},
year = {2014}
}
